@article{einstein,
    author =       "Albert Einstein",
    title =        "{Zur Elektrodynamik bewegter K{\"o}rper}. ({German})
    [{On} the electrodynamics of moving bodies]",
    journal =      "Annalen der Physik",
    volume =       "323",
    number =       "10",
    pages =        "891--921",
    year =         "1905",
    DOI =          "10.1002/andp.19053221004",
}

@article{einstein2,
    author =       "Albert Einstein",
    title =        "{Zur Elektrodynamik bewegter K{\"o}rper}. ({German})
    [{On} the electrodynamics of moving bodies]",
    journal =      "Annalen der Physik",
    volume =       "323",
    number =       "10",
    pages =        "891--921",
    year =         "1905",
    urldate = 		   "2016-07-04",
    DOI =          "10.1002/andp.19053221004",
}

@article{higgins1996activation,
  title={Activation: Accessibility, and salience},
  author={Higgins, E. Tory},
  journal={Social psychology: Handbook of basic principles},
  pages={133--168},
  year={1996},
  publisher={Guilford Press New York}
}

@online{gates,
    author       = {Bill Gates},
    title        = {Save the world!},
    url          = {https://www.gatesfoundation.org/de/},
    urldate      = {2016-07-04},
    organization = {Bill and Melinda Gates Foundation},
    keywords     = {Quelle}
}

@online{test,
    author       = {Just a test},
    title        = {Save the world again!},
    url          = {https://www.gatesfoundation.org/de/},
    urldate      = {2016-07-04},
    organization = {Bill and Melinda Gates Foundation},
    keywords     = {Quelle}
}